<?xml version="1.0" encoding="UTF-8"?>
<record xmlns="http://www.loc.gov/MARC21/slim">
   <leader>00787cam a2200217 a 4500</leader>
   <controlfield tag="001">859008</controlfield>
   <controlfield tag="003">NjP</controlfield>
   <controlfield tag="005">20171025091714.0</controlfield>
   <controlfield tag="008">940113s1860    ti            000 0 ara d</controlfield>
   <datafield tag="024" ind1="7" ind2=" ">
      <subfield code="a">princeton_aco003968</subfield>
      <subfield code="2">local</subfield>
   </datafield>
   <datafield ind1=" " ind2=" " tag="035">
      <subfield code="a">(OCoLC)29745534</subfield>
   </datafield>
   <datafield ind1=" " ind2=" " tag="035">
      <subfield code="a">(CStRLIN)NJPG94-B2167</subfield>
   </datafield>
   <datafield ind1=" " ind2=" " tag="035">
      <subfield code="9">CAX7381TS</subfield>
   </datafield>
   <datafield ind1=" " ind2=" " tag="040">
      <subfield code="a">NjP</subfield>
      <subfield code="c">NjP</subfield>
   </datafield>
   <datafield ind1=" " ind2=" " tag="043">
      <subfield code="a">f-ti---</subfield>
   </datafield>
   <datafield ind1="1" ind2=" " tag="110">
      <subfield code="a">Tunisia.</subfield>
      <subfield code="k">Laws, statutes, etc.</subfield>
      <subfield code="0">http://id.loc.gov/authorities/names/n79065220</subfield>
   </datafield>
   <datafield ind1="1" ind2="0" tag="245">
      <subfield code="a">Qānūn al-jināyāt al-jāriyah aḥkāmihi ʻalá man bi-mamlakat Tūnis min al-makhlūqāt.</subfield>
   </datafield>
   <datafield ind1=" " ind2=" " tag="260">
      <subfield code="a">Tūnis :</subfield>
      <subfield code="b">Maṭbaʻat al-Dawlah al-Tūnisīyah,</subfield>
      <subfield code="c">1277 [1860 or 1861]</subfield>
   </datafield>
   <datafield ind1=" " ind2=" " tag="300">
      <subfield code="a">228 p. ;</subfield>
      <subfield code="c">23 cm.</subfield>
   </datafield>
   <datafield ind1=" " ind2="0" tag="650">
      <subfield code="a">Criminal law</subfield>
      <subfield code="z">Tunisia.</subfield>
   </datafield>
   <datafield ind1=" " ind2=" " tag="998">
      <subfield code="a">01/27/94</subfield>
      <subfield code="s">9114</subfield>
      <subfield code="n">NjP</subfield>
      <subfield code="w">NJPG94B2167</subfield>
      <subfield code="d">01/13/94</subfield>
      <subfield code="c">KC</subfield>
      <subfield code="b">JAB</subfield>
      <subfield code="i">940127</subfield>
      <subfield code="l">NJPG</subfield>
   </datafield>
   <datafield ind1=" " ind2=" " tag="911">
      <subfield code="a">19940203</subfield>
   </datafield>
   <datafield ind1=" " ind2=" " tag="912">
      <subfield code="a">19940127000000.0</subfield>
   </datafield>
   <datafield ind1="8" ind2="0" tag="852">
      <subfield code="0">979205</subfield>
      <subfield code="b">rcppa</subfield>
      <subfield code="t">1</subfield>
      <subfield code="h">KRB</subfield>
      <subfield code="i">.T82 1860</subfield>
      <subfield code="x">tr fr anxa</subfield>
   </datafield>
   <datafield ind1=" " ind2=" " tag="959">
      <subfield code="a">2000-06-13 00:00:00 -0400</subfield>
   </datafield>
</record>
